@article{kretowska,
    author =       "Malgorzata Kretowska",
    title =        "Piecewise-linear criterion functions in oblique survival tree induction",
    journal =      "Artificial Intelligence in Medicine",
    volume =       "75",
    pages =        "32--39",
    year =         "2017",
    doi =          "https://doi.org/10.1016/j.artmed.2016.12.004"
}

@article{kaplanmeier,
author = {E. L.   Kaplan  and  Paul   Meier},
title = {Nonparametric Estimation from Incomplete Observations},
journal = {Journal of the American Statistical Association},
volume = {53},
number = {282},
pages = {457-481},
year  = {1958},
publisher = {Taylor & Francis},
doi = {10.1080/01621459.1958.10501452},

url = {
        https://www.tandfonline.com/doi/abs/10.1080/01621459.1958.10501452

},
eprint = {
        https://www.tandfonline.com/doi/pdf/10.1080/01621459.1958.10501452

}

}

@article{roystonaltman,
author = {Patrick Royston and Douglas Altman},
year = {2013},
month = {03},
pages = {33},
title = {External validation of a {Cox} prognostic model: principles and methods},
volume = {13},
journal = {BMC Medical Research Methodology},
doi = {10.1186/1471-2288-13-33}
}

@book{nocedalwright,
	title = {Numerical Optimization},
	author = {Jorge Nocedal and Stephen J. Wright},
	chapter = {13},
	pages = {355-389},
	edition = {2nd},
	year = {2006},
	publisher = {Springer}
}

@manual{survivalpackage,
    title = {A Package for Survival Analysis in {R}},
    author = {Terry M. Therneau},
    year = {2022},
    note = {R package version 3.3-1},
    url = {https://CRAN.R-project.org/package=survival},
}

@manual{lpSolvepackage,
    title = {Interface to Solve Linear and Integer Programs in {R}},
    author = {Michel Berkelaar and G{\'a}bor Cs{\'a}rdi},
    year = {2020},
    note = {R package version 5.6.15},
    url = {https://CRAN.R-project.org/package=lpSolve}
}

@article{bobrowskiniemiro,
	title={A method of synthesis of linear discriminant function in the case of nonseparability},
	author={Leon Bobrowski and Wojcieh Niemiro},
	journal={Pattern Recognition},
	year={1984},
	volume={17},
	pages={205-210}
}

@inproceedings{bobrowskikretowski,
	author = {Leon Bobrowski and Marek Kretowski},
	year = {2000},
	month = {09},
	pages = {331-336},
	title = {Induction of Multivariate Decision Trees by Using Dipolar Criteria},
	volume = {1910},
	isbn = {978-3-540-41066-9},
	booktitle = {Lecture Notes in Computer Science},
	doi = {10.1007/3-540-45372-5_33}
}

@inproceedings{ittnerschlosser,
	author    = {Andreas Ittner and Michael Schlosser},
	editor    = {Lorenza Saitta},
	title     = {Non-Linear Decision Trees - {NDT}},
	booktitle = {Machine Learning, Proceedings of the Thirteenth International Conference
               {(ICML} '96), Bari, Italy, July 3-6, 1996},
	pages     = {252--257},
	publisher = {Morgan Kaufmann},
	year      = {1996},
	timestamp = {Sat, 07 Jan 2017 16:28:56 +0100},
	biburl    = {https://dblp.org/rec/conf/icml/IttnerS96.bib},
	bibsource = {dblp computer science bibliography, https://dblp.org}
}

@article{leblanccrowley,
  title={Survival trees by goodness of split},
  author={LeBlanc, Michael and Crowley, John},
  journal={Journal of the American Statistical Association},
  volume={88},
  number={422},
  pages={457--467},
  year={1993},
  publisher={Taylor \& Francis}
}

@article{cox,
 issn = {00359246},
 url = {http://www.jstor.org/stable/2985181},
 author = {D. R. Cox},
 journal = {Journal of the Royal Statistical Society. Series B (Methodological)},
 number = {2},
 pages = {187--220},
 publisher = {[Royal Statistical Society, Wiley]},
 title = {Regression Models and Life-Tables},
 volume = {34},
 year = {1972}
}

@article{bou2011review,
  title={A review of survival trees},
  author={Bou-Hamad, Imad and Larocque, Denis and Ben-Ameur, Hatem},
  journal={Statistics surveys},
  volume={5},
  pages={44--71},
  year={2011},
  publisher={American Statistical Association, Bernoulli Society, Institute of Mathematical Statistics}
}

@article{morgansonquist,
 issn = {01621459},
 url = {http://www.jstor.org/stable/2283276},
 author = {James N. Morgan and John A. Sonquist},
 journal = {Journal of the American Statistical Association},
 number = {302},
 pages = {415--434},
 publisher = {[American Statistical Association, Taylor & Francis, Ltd.]},
 title = {Problems in the Analysis of Survey Data, and a Proposal},
 volume = {58},
 year = {1963}
}

@article{brieman,
 author = {Breiman, L. and Friedman J. and Olshen, R. and Stone, C.},
 publisher = {Wadsworth International Group, Belmont, California},
 title = {Classification And Regression Trees},
 year = {1984}
}

@article{oakes2001biometrika,
  title={Biometrika centenary: survival analysis},
  author={Oakes, David},
  journal={Biometrika},
  volume={88},
  number={1},
  pages={99--142},
  year={2001},
  publisher={Oxford University Press}
}


@article{ciampi,
  title={An approach to classifying prognostic factors related to survival experience for non-Hodgkin's lymphoma patients: Based on a series of 982 patients: 1967--1975},
  author={Ciampi, A. and Bush, R.S. and Gospodarowicz, M. and Till, J.E.},
  journal={Cancer},
  volume={47},
  number={3},
  pages={621--627},
  year={1981},
  publisher={Wiley Online Library}
}


@article{gordonolshen,
  title={Tree-structured survival analysis},
  author={Gordon, Louis and Olshen, Richard A},
  journal={Cancer treatment reports},
  volume={69},
  number={10},
  pages={1065--1069},
  year={1985}
}
